@book{cover2006elements,
  title={Elements of Information Theory, 2nd edition},
  author={Cover, Thomas M and Thomas, Joy A},
  year={2006},
  publisher={John Wiley \& Sons},
  url={https://dl.dropboxusercontent.com/u/177449/books/Elements%20Of%20Information%20Theory%20Cover%20and%20Thomas.pdf}
}

@book{mackay2003information,
  title={Information theory, inference and learning algorithms},
  author={MacKay, David JC},
  year={2003},
  publisher={Cambridge university press},
  url={http://www.inference.phy.cam.ac.uk/itprnn/book.pdf}
}
